@MISC{kafka_doc,
	HOWPUBLISHED = "\url{https://kafka.apache.org/documentation/#uses_messaging}",
	AUTHOR = {\relax Apache Software Foundation},
	TITLE = {The Apache Kafka Documentation}
}

@MISC{zookeeper_doc,
	HOWPUBLISHED = "\url{https://zookeeper.apache.org/}",
	AUTHOR = {\relax The Apache Software Foundation},
	TITLE = {Apache Zookeeper}
}

@MISC{apache2_license,
	HOWPUBLISHED = "\url{https://www.apache.org/licenses/LICENSE-2.0}",
	AUTHOR = {\relax The Apache Software Foundation},
	TITLE = {Apache 2.0 License}
}

@MISC{kafka_zookeeper,
	HOWPUBLISHED = "\url{https://cwiki.apache.org/confluence/display/KAFKA/KIP-500%3A+Replace+ZooKeeper+with+a+Self-Managed+Metadata+Quorum}",
	AUTHOR = {\relax Colin McCabe},
	TITLE = {KIP-500: Replace ZooKeeper with a Self-Managed Metadata Quorum}
}

@MISC{binance,
	HOWPUBLISHED = "\url{https://www.binance.com/en/}",
	TITLE = {Binance}
}

@MISC{tweepy,
	HOWPUBLISHED = "\url{https://www.tweepy.org/}",
	TITLE = {Tweepy}
}

@MISC{grafana,
	HOWPUBLISHED = "\url{https://grafana.com/}",
	TITLE = {Grafana}
}

@MISC{twitter,
	HOWPUBLISHED = "\url{https://twitter.com/}",
	TITLE = {Twitter}
}

@MISC{spark,
	HOWPUBLISHED = "\url{https://spark.apache.org/docs/latest/}",
	AUTHOR = {\relax The Apache Software Foundation},
	TITLE = {Apache Spark Documentation}
}

@MISC{timescale,
	HOWPUBLISHED = "\url{https://docs.timescale.com/latest/main}",
	AUTHOR = {\relax Timescale Inc.},
	TITLE = {TimescaleDB Documentation}
}

@MISC{postgresql,
	HOWPUBLISHED = "\url{https://www.postgresql.org/about/}",
	AUTHOR = {\relax The PostgreSQL Global Development Group},
	TITLE = {About PostgreSQL}
}

@MISC{spark_sql,
	HOWPUBLISHED = "\url{https://spark.apache.org/docs/latest/sql-data-sources-jdbc.html}",
	AUTHOR = {\relax The Apache Software Foundation},
	TITLE = {JDBC To Other Databases}
}

@ARTICLE{spark_mapred,
    AUTHOR={Zaharia, Matei and Chowdhury, Mosharaf and Franklin, Michael J. and Shenker, Scott and Stoica, Ion},
    TITLE="Spark: Cluster Computing with Working Sets",
    JOURNAL="USENIX Workshop on Hot Topics in Cloud Computing (HotCloud)",
    YEAR="2010",
}